%used
@misc{eoPortal,
    title = {{SSO-A}},
    year = {2018},
    author = {eoPortal},
    url = {https://directory.eoportal.org/web/eoportal/satellite-missions/content/-/article/sso-a}
}

@manual{DesignSpec,
    title = {{CubeSat Design Specification Rev. 13}},
    year = {2014},
    organization = {California Polytechnic State University},
    url = {http://cubesat.org.www.cubesat.org/images/developers/cds_rev13_final2.pdf}
}

@misc{FalconSat6,
    title = {{FalconSAT-6}},
    year = {2018},
    author = {Air Force Academy},
    url = {https://www.usafa.edu/news/air-force-academy-satellite-to-lift-off-nov-19/}
}

@misc{FalconSat7,
    title = {{FalconSAT-7}},
    year = {2019},
    author = {eoPortal},
    url = {https://directory.eoportal.org/web/eoportal/satellite-missions/f/falconsat-7}
}

@article{Harris2019,
    title = {{Swarm Wants to Send Hundreds of Tiny CubeSats Into Orbit}},
    journal = {IEEE Spectrum},
    year = {2019},
    author = {Harris, Mark},
    url = {https://spectrum.ieee.org/tech-talk/aerospace/satellites/swarm-wants-to-fly-the-sky-with-tiny-cubesats}
}

@book{Delligatti,
    title = {{SysML Distilled}},
    year = {2014},
    author = {Delligatti, Lenny},
    pages = {265},
    publisher = {Addison-Wesley},
    isbn = {978-0321927866}
}

@book{SysEngHandbook,
    title = {{Systems Engineering Handbook Fourth Edition}},
    year = {2015},
    author = {Walden, David and Roedler, Garry and Forsberg, Kevin and Hamelin, Douglas and Shortell, Thomas},
    pages = {290},
    publisher = {Wiley},
    isbn = {978-1118999400}
}

@misc{OMGwiki,
    title = {{INCOSE Object-Oriented Systems Engineering Method (OOSEM)}},
    year = {2011},
    author = {OMGWiki},
    url = {https://www.omgwiki.org/MBSE/doku.php?id=mbse:incoseoosem}
}

@manual{DoDAF,
    title = {{The DoDAF Architecture Framework Version 2.02}},
    year = {2010},
    organization = {Office of the Assistant Secretary of Defense Networks and Information Integration (OASD/NII)},
    url = {https://dodcio.defense.gov/Library/DoD-Architecture-Framework/}
}

@techreport{Cloutier2010,
    title = {The Concept of a Reference Architecture},
    year = {2010},
    author = { Cloutier, Robert J. and Muller, Gerrit and Verma, Dinesh and Nilchiani, Roshanak and Hole, Eirik and Bone, Mary},
    month = {?},
    pages = {?},
    url = {https://www.URL HERE},
    institution = {Systems Engineering, Vol. 13, No. 1},
    publisher = {Wiley Interscience}
}

@manual{RADescription,
    title = {Reference Architecture Description},
    year = {2010},
    organization = {Office of the Assistant Secretary of Defense Networks and Information Integration (OASD/NII)},
    url = {http://www.acqnotes.com/Attachments/Reference%20Architecture%20Description,%20June%202010.pdf}
}


@misc{Roper2019,
    title = {{Air Force of the future is faster, smarter, bolder}},
    year = {2019},
    author = {AF.mil},
    url = {https://www.af.mil/News/Article-Display/Article/1963733/roper-air-force-of-the-future-is-faster-smarter-bolder/}
}





%not yet used
@book{Friedenthal2017,
    title = {{Architecting Spacecraft with SysML}},
    year = {2017},
    author = {Friedenthal, Sanford and Oster, Christopher},
    pages = {129},
    publisher = {AIAA},
    isbn = {978-15442880672}
}

@book{Friedenthal,
    title = {{A Practical Guide to SysML, 2e}},
    year = {2009},
    author = {Friedenthal, Sanford and Steiner, Rick and Moore, Alan},
    pages = {560},
    publisher = {Morgan Kaufmann OMG Press},
    isbn = {978-0123786074}
}

@techreport{Gregory201?,
    title = {{Applying a Model-Based Approach to Develop a Standardized Template for CubeSat-class Satellites}},
    year = {201?},
    author = {Gregory, John and Kaslow, David and Downey, George and Bruninga, Robert and Kang, Jin and Borky, John and Sega, Ronald},
    month = {?},
    pages = {11},
    url = {https://www.URL HERE},
    institution = {United States Naval Academy}
}


@article{Kaslow2014,
    title = {{Integrated Model-Based Systems Engineering (MBSE) Applied to the Simulation of a CubeSat Mission}},
    year = {2014},
    journal = {IEEE International Conference on XXXXX},
    author = {Kaslow, David and Soremekun, Grant and Kim, Hongman and Spangelo, Sara},
    pages = {5015--5020},
    isbn = {9781479916221},
    doi = {10.1109/IROS.2011.6048729},
    issn = {}
}

@conference{Kaslow2017,
    title = {{Validation and Verification of MBSE-compliant CubeSat Reference Model}},
    year = {2017},
    conference = {15th Annual Conference on Systems Engineering Research},
    author = {Kaslow, David and Madni, Azad},
    pages = {1--10},
    doi = {10.1109/OCEANS.2018.8604771},
}

@conference{Riot2014,
    title = {{Government-owned CubeSat Next Generation Bus Reference Architecture}},
    year = {2014},
    conference = {28th Annual AIAA/USU Conference on Small Satellites},
    author = {Riot, Vincent},
    month = {?},
    pages = {6},
    url = {https://www.URL HERE},
    institution = {United States Naval Postgraduate School}
}

@techreport{KaslowCRM3,
    title = {{Developing a CubeSat Model-Based Systems Engineering (MBSE) Reference Model - Interim Status #3}},
    year = {2017},
    author = {Kaslow, David and Ayres, Bradley and Cahill, Philip and Hart, Laura and Yntema, Rose},
    month = {?},
    pages = {15},
    url = {https://www.URL HERE},
    institution = {IEEE}
}

@techreport{Kaslow2020,
    title = {{Development and Application of the CubeSat System Reference Model}},
    year = {2020},
    author = {Kaslow, David and Ayres, Bradley and Cahill, Philip},
    month = {?},
    pages = {14},
    url = {https://www.URL HERE},
    institution = {IEEE}
}

@mastersthesis{Farrell20120,
    title = {{A Reference Architecture for CubeSat Development}},
    year = {2020},
    month = {?},
    author = {Farrell, Luke J.},
    school = {Air Force Institute of Technology}
}

@mastersthesis{Laudermilk2016,
    title = {{A Logic-Based Mission Modeling Tool for Designing CubeSats}},
    year = {2016},
    month = {?},
    author = {Laudermilk, Joshua R.},
    school = {Air Force Institute of Technology}
}

@mastersthesis{Udell2015,
    title = {{A Cubesat Mission Modeling Tool}},
    year = {2015},
    month = {?},
    author = {Udell, Heather M.},
    school = {Air Force Institute of Technology}
}

@mastersthesis{Sadowski2017,
    title = {{Dynamic Logical Mission Modeling Tool}},
    year = {2017},
    month = {?},
    author = {Sadowski, Justin A.},
    school = {Air Force Institute of Technology}
}

@techreport{Estefan2008,
    title = {{Survey of Model-Based Systems Engineering (MBSE) Methodologies rev. B}},
    year = {2008},
    author = {Estefan, Jeff A.},
    month = {?},
    pages = {70},
    url = {http://www.omgsysml.org/MBSE_Methodology_Survey_RevB.pdf},
    institution = {Jet Propulsion Laboratory}
}

@techreport{Jacques2019,
    title = {The Use of MBSE and a Reference Architecture in a Rapid Prototyping Environment},
    year = {2019},
    author = {Jacques, David and Cox, Amy},
    month = {?},
    pages = {?},
    institution = {Air Force Institute of Technology}
}

@misc{NASA101,
    title = {CubeSat 101: Basic Concepts and Processes for First Time CubeSat Developers},
    year = {2017},
    author = {NASA CubeSat Launch Initiative},
    url = {https://www.omgwiki.org/MBSE/doku.php?id=mbse:incoseoosem},
    institution = {California Polytechnic State University}
}

@conference{CRM3,
    title = {Developing a CubeSat Model-Based System Engineering (MBSE) Reference Model - Interm Status #3},
    year = {2017},
    conference = {IEEE Aerospace Conference, Big Sky, Montana},
    author = {Kaslow, David and Ayres, Bradley and Cahill, P. and Hart, Laura and Yntema, R.},
    pages = {?},
    doi = {?},
}

@book{Buede2016,
    title = {The Engineering Design of Systems: Models and Methods},
    year = {2016},
    author = {Buede, D.M. and Miller, W.D.},
    pages = {?},
    publisher = {John Wiley and Sons},
    isbn = {978-???}
}

@techreport{Kaslow2016,
    title = {Developing and Distributing a Cubesat Model-Based Systems Engineering Reference Model - STATUS},
    year = {2016},
    author = {Kaslow, David},
    month = {?},
    pages = {?},
    conference = {32nd Space Symposium}
}

@article{CRM20,
    title = {Development and Application of the CubeSat System Reference Model},
    year = {2020},
    author = {Kaslow, David and Cahill, Philip T. and Ayres, Bradley},
    pages = {?},
    doi = {?},
}
	

@conference{Ross2017,
    title = {Synthesis and Exploration of Multi-level, Multi-perspective Architectures of Automotive Embedded Systems},
    year = {2017},
    conference = {15th Annual Conference on Systems Engineering Research},
    author = {Ross, Jordan A. and Murashkin, Alexandr},
    pages = {?},
    doi = {?},
}

@article{MBSEtemplate,
    title = {Applying a Model-Based Approach to Develop a Standardized Template for CubeSat-class Satellites},
    year = {?},
    author = {Gregory, John M. and Kang, Jin S. and Bruninga, Robert and Sega, Ronald M. and Borky, John M. and Downey, George H. and Kaslow, David},
    pages = {?},
    doi = {?},
}