
%MBSE
@book{Buede2016,
    title = {The Engineering Design of Systems: Models and Methods},
    year = {2016},
    author = {Buede, Dennis and Miller, William},
    edition = {Third Edition},
    publisher = {John Wiley and Sons},
    address = {Hoboken, NJ},
    isbn = {978-1119027904}
}

@book{Delligatti,
    title = {{SysML Distilled}},
    year = {2014},
    author = {Delligatti, Lenny},
    pages = {265},
    publisher = {Addison-Wesley},
    isbn = {978-0321927866}
}

@techreport{Estefan2008,
    title = {{Survey of Model-Based Systems Engineering (MBSE) Methodologies rev. B}},
    year = {2008},
    author = {Estefan, Jeff A.},
    month = {?},
    pages = {70},
    url = {http://www.omgsysml.org/MBSE_Methodology_Survey_RevB.pdf},
    institution = {Jet Propulsion Laboratory}
}

@book{INCOSEhandbook,
    title = {{Systems Engineering Handbook: A Guide for System Life Cycle Processes and Activities}},
    year = {2015},
    edition = {Fourth Edition},
    publisher = {INCOSE},
    author = {Walden, David and Roedler, Garry and Forsberg, Kevin and Hamelin, Douglas and Shortell, Thomas},
    pages = {290},
    isbn = {978-1118999400},
    address = {San Diego, CA}
}

@misc{OMGwiki,
    title = {{INCOSE Object-Oriented Systems Engineering Method (OOSEM)}},
    year = {2011},
    author = {OMGWiki},
    url = {https://www.omgwiki.org/MBSE/doku.php?id=mbse:incoseoosem}
}

%Reference Architectures
@manual{DoDAF,
    title = {{The DoDAF Architecture Framework Version 2.02}},
    year = {2010},
    author = {OASD/NII, Office of the Assistant Secretary of Defense Networks and Information Integration},
    url = {https://dodcio.defense.gov/Library/DoD-Architecture-Framework/}
}

@techreport{Cloutier2010,
    title = {{The Concept of a Reference Architecture}},
    year = {2010},
    author = { Cloutier, Robert J. and Muller, Gerrit and Verma, Dinesh and Nilchiani, Roshanak and Hole, Eirik and Bone, Mary},
    month = {?},
    pages = {?},
    url = {https://www.URL HERE},
    institution = {Systems Engineering, Vol. 13, No. 1},
    publisher = {Wiley Interscience}
}

@manual{RADescription,
    title = {{Reference Architecture Description}},
    year = {2010},
    author = {OASD/NII, Office of the Assistant Secretary of Defense Networks and Information Integration},
}


%Rapid Prototyping Environment



%Developing a CubeSat Reference Architecture
@book{FriedenthalArchitectingSpacecraft,
    title = {{Architecting Spacecraft with SysML}},
    year = {2017},
    author = {Friedenthal, Sanford and Oster, Christopher},
    pages = {129},
    publisher = {AIAA},
    isbn = {978-15442880672}
}

@book{Wertz2011SpaceSMAD,
    title = {Space Mission Engineering: The New SMAD},
    year = {2011},
    author = {Wertz, James R.},
    publisher = {Microcosm Press},
    address = {Torrance, CA},
    isbn = {978-1881883159}
}

@techreport{Jacques2019,
    title = {The Use of MBSE and a Reference Architecture in a Rapid Prototyping Environment},
    year = {2019},
    author = {Jacques, David and Cox, Amy},
    month = {?},
    pages = {?},
    institution = {Air Force Institute of Technology}
}












%examples
@article{einstein,
    author =       "Albert Einstein",
    title =        "{Zur Elektrodynamik bewegter K{\"o}rper}. ({German})
    [{On} the electrodynamics of moving bodies]",
    journal =      "Annalen der Physik",
    volume =       "322",
    number =       "10",
    pages =        "891--921",
    year =         "1905",
    DOI =          "http://dx.doi.org/10.1002/andp.19053221004",
    keywords =     "physics"
}
 
@book{dirac,
    title={The Principles of Quantum Mechanics},
    author={Paul Adrien Maurice Dirac},
    isbn={9780198520115},
    series={International series of monographs on physics},
    year={1981},
    publisher={Clarendon Press},
    keywords = {physics}
}
 
@online{knuthwebsite,
    author    = "Donald Knuth",
    title     = "Knuth: Computers and Typesetting",
    url       = "http://www-cs-faculty.stanford.edu/~uno/abcde.html",
    keywords  = "latex,knuth"
}
 
@inbook{knuth-fa,
    author = "Donald E. Knuth",
    title = "Fundamental Algorithms",
    publisher = "Addison-Wesley",
    year = "1973",
    chapter = "1.2",
    keywords  = "knuth,programming"
}


